@article{schmid2010dynamic,
  title={Dynamic mode decomposition of numerical and experimental data},
  author={Schmid, Peter J},
  journal={Journal of Fluid Mechanics},
  volume={656},
  number={1},
  pages={5--28},
  year={2010},
  publisher={Cambridge Univ Press}
}

@article{schmid2011applications,
  title={Applications of the dynamic mode decomposition},
  author={Schmid, PJ and Li, L and Juniper, MP and Pust, O},
  journal={Theoretical and Computational Fluid Dynamics},
  volume={25},
  number={1-4},
  pages={249--259},
  year={2011},
  publisher={Springer}
}

@article{bagheri2009spectral,
  title={Spectral analysis of nonlinear flows},
  author={BAGHERI, SHERVIN and SCHLATTER, PHILIPP and HENNINGSON, DANS},
  journal={J. Fluid Mech},
  volume={641},
  pages={115--127},
  year={2009},
  publisher={Cambridge Univ Press}
}

@article{mariappan2013analysis,
  title={Analysis of dynamic stall using dynamic mode decomposition technique},
  author={Mariappan, Sathesh and Gardner, AD and Richter, Kai and Raffel, Markus},
  year={2013}
}

@article{berkooz1993proper,
  title={The proper orthogonal decomposition in the analysis of turbulent flows},
  author={Berkooz, Gal and Holmes, Philip and Lumley, John L},
  journal={Annual review of fluid mechanics},
  volume={25},
  number={1},
  pages={539--575},
  year={1993},
  publisher={Annual Reviews 4139 El Camino Way, PO Box 10139, Palo Alto, CA 94303-0139, USA}
}
