% This file was created with JabRef 2.8.
% Encoding: UTF-8

@ARTICLE{a_2007,
  author = {Adrian, R.},
  title = {Hairpin Vortex Organization in Wall Turbulence},
  journal = {Physics of Fluids},
  year = {2007},
  volume = {19},
  number = {4},
  owner = {mbuyoupughu.1},
  timestamp = {2013.11.14}
}

@CONFERENCE{alddd_2011,
  author = {Agostini, L. and Larcheveque, L. and Dupont, P. and Debieve, J.-F.
	and Dussauge, J.-P.},
  title = {Zones of Influence and Shock Motion in a Shock Boundary Layer Interaction},
  booktitle = {AIAA Journal},
  year = {2011},
  volume = {50},
  number = {6},
  owner = {mbuyoupughu.1},
  timestamp = {2013.05.28}
}

@CONFERENCE{aamvv_2011,
  author = {Ali, M. Y. and Alvi, F. S. and Venkatakrishnan, L.},
  title = {Studies on the Control of Shock Wave-Boundary Layer Interaction Using
	Steady Microactuators},
  booktitle = {AIAA Paper 2011-3425},
  year = {2011},
  owner = {mbuyoupughu.1},
  timestamp = {2013.12.05}
}

@CONFERENCE{bpkm_2011,
  author = {Beekman, I. B. and Priebe, S. and Kan, Y.-C. and Martin, M.P.},
  title = {DNS of a Large Domain, Mach 3 Turbulent Boundary Layer: Turbulence
	Structure},
  booktitle = {49th AIAA Aerospace Sciences Meeting including the New Horizons Forum
	and Aerospace Exposition , 4 - 7 January 2011, Orlando, Florida},
  year = {2011},
  number = {AIAA 2011-753},
  owner = {mbuyoupughu.1},
  timestamp = {2013.05.30}
}

@ARTICLE{b_2013,
  author = {Brown, J.L.},
  title = {Hypersonic Shock Wave Impingement on Turbulent Boundary Layers: Computational
	Analysis and Uncertainty},
  journal = {Journal of Spacecraft and Rockets},
  year = {2013},
  owner = {mbuyoupughu.1},
  timestamp = {2013.12.05}
}

@BOOK{c_2004_bk,
  title = {Analysis of Turbulent Flows},
  publisher = {Elsevier},
  year = {2004},
  author = {Cebeci, T.},
  edition = {2nd},
  owner = {mbuyoupughu.1},
  timestamp = {2013.05.29}
}

@ARTICLE{cn_1985,
  author = {Cheng, R. K. and Ng, T. T.},
  title = {Conditional Reynolds Stress in a Strongly Heated Turbulent Boundary
	Layer with Premixed Combustion},
  journal = {Physics of Fluids},
  year = {1985},
  pages = {473-487},
  owner = {mbuyoupughu.1},
  timestamp = {2013.11.27}
}

@ARTICLE{ca_2001,
  author = {Christensen, K. and Adrian R.},
  title = {Statistical Evidence of Hairpin Vortex Packets in Wall Turbulence},
  journal = {Journal of Fluid Mechanics},
  year = {2001},
  volume = {431},
  pages = {433-443},
  owner = {mbuyoupughu.1},
  timestamp = {2013.11.14}
}

@ARTICLE{dd_2009,
  author = {Debieve, J.-F. and Dupont, P.},
  title = {Dependence Between the Shock and the Separation Bubble in a Shock
	Wave Boundary Layer Interaction},
  journal = {Shock Waves},
  year = {2009},
  volume = {19},
  pages = {499-506},
  owner = {mbuyoupughu.1},
  timestamp = {2013.05.28}
}

@CONFERENCE{dowotb_2010,
  author = {DeBonis, J. and Oberkampf, W. and Wolf, R. and Orkwis, P. and Turner,
	M. and Babinsky, H.},
  title = {Assessment of CFD Models for Shock Boundary-Layer Interaction},
  booktitle = {AIAA Journal},
  year = {2010},
  volume = {50},
  number = {4},
  owner = {mbuyoupughu.1},
  timestamp = {2013.05.30}
}

@ARTICLE{dd_2009_2,
  author = {Delery, J. and Dussauge, J.-P.},
  title = {Some Physical Aspects of Shock Wave/Boundary Layer Interactions.},
  journal = {Shock Waves},
  year = {2009},
  volume = {19},
  pages = {453-468},
  owner = {mbuyoupughu.1},
  timestamp = {2013.05.28}
}

@ARTICLE{d_2001,
  author = {Dolling,D.},
  title = {Fifty Years of Shock-Wave/Boundary-Layer Interaction Research: What
	Next?},
  journal = {AIAA Journal},
  year = {2001},
  volume = {39},
  pages = {1517-1531},
  owner = {mbuyoupughu.1},
  timestamp = {2013.05.23}
}

@ARTICLE{do_1985,
  author = {Dolling, D. S. and Or, C. T.},
  title = {Unsteadiness of the shock wave structure in attached and separated
	compression ramp flows},
  journal = {Experiments in Fluids},
  year = {1985},
  volume = {3},
  pages = {24-32},
  owner = {mbuyoupughu.1},
  timestamp = {2013.12.01}
}

@ARTICLE{dhd_2006,
  author = {Dupont, P. and Haddad, C. and Debieve, J. F.},
  title = {Space and Time Organization in a Shock-Induced Separated Boundary
	Layer},
  journal = {Journal of Fluid Mechanics},
  year = {2006},
  volume = {559},
  pages = {255-277},
  owner = {mbuyoupughu.1},
  timestamp = {2013.05.28}
}

@ARTICLE{dpsd_2008,
  author = {Dupont, P. and Pionniau, S. and Sidorenko, A. and Debieve, J.},
  title = {Investigation by Particle Image Velocimetry Measurements of Oblique
	Shock Reflection with Separation},
  journal = {AIAA Journal},
  year = {2008},
  volume = {46},
  pages = {1365-1370},
  owner = {mbuyoupughu.1},
  timestamp = {2013.05.30}
}

@TECHREPORT{dssffs_1996,
  author = {Dussauge, J. P. and Smith, R. and Smits, A. and Fernholz, H. and Finley,
	P. J. and Spina, E. F.},
  title = {Turbulent Boundary Layers in Subsonic and Supersonic Flow},
  institution = {AGARD},
  year = {1996},
  type = {TR-AG-335},
  owner = {mbuyoupughu.1},
  timestamp = {2013.11.14}
}

@ARTICLE{ddd_2006,
  author = {Dussauge, J.-P. and Dupont P., and Debieve, J.},
  title = {Unsteadiness in Shock Wave Boundary Layer Interactions with Separation},
  journal = {Aerospace Science and Technology},
  year = {2006},
  volume = {10},
  pages = {85-91},
  number = {2},
  owner = {mbuyoupughu.1},
  timestamp = {2013.05.27}
}

@ARTICLE{e_2008,
  author = {Edwards, J.},
  title = {Numerical Simulations of Shock/Boundary Layer Interactions Using
	Time-Dependent Modeling Techniques: A Survey of Recent Results},
  journal = {Progress in Aerospace Sciences},
  year = {2008},
  volume = {44},
  pages = {447-465},
  owner = {mbuyoupughu.1},
  timestamp = {2013.05.30}
}

@ARTICLE{eaos_2010,
  author = {Elsinga, G. E. and Adrian, R. J. and Oudheusden, B. W. V. and Scarano,
	F.},
  title = {Three-Dimensional Vortex Organization in a High-Reynolds-Number Supersonic
	Turbulent Boundary Layer},
  journal = {Journal of Fluid Mechanics},
  year = {2010},
  volume = {644},
  pages = {35-60},
  owner = {mbuyoupughu.1},
  timestamp = {2013.11.14}
}

@CONFERENCE{g_2013,
  author = {Gaitonde, D.V.},
  title = {Progress in Shock Wave/Boundary Layer Interactions},
  booktitle = {43rd Fluid Dynamics Conference and Exhibit, 24-27 June, 2013, San
	Diego,CA},
  year = {2013},
  number = {AIAA 2013-2607},
  owner = {mbuyoupughu.1},
  timestamp = {2013.09.09}
}

@ARTICLE{gsv_1995,
  author = {Gaitonde, D. and Shang, J. S. and Miguel, V.},
  title = {Structure of a Double-Fin Turbulent Interaction at High Speed},
  journal = {AIAA Journal},
  year = {1995},
  volume = {33},
  pages = {193-200},
  number = {2},
  month = {February},
  owner = {mbuyoupughu.1},
  timestamp = {2013.09.09}
}

@TECHREPORT{gv_fdl3di,
  author = {Gaitonde, D. and Visbal,M.},
  title = {High-Order Schemes for Navier-Stokes Equations: Algorithm and Implementation
	into FDL3DI},
  institution = {Air Force Research Laboratory, Wright Patterson AFB},
  year = {1998},
  owner = {mbuyoupughu.1},
  timestamp = {2013.05.23}
}

@ARTICLE{gcd_2007,
  author = {Ganapathisubramani, B. and Clemens, N. and Dolling, D.},
  title = {Effects of Upstream Boundary Layer on the Unsteadiness of Shock-Induced
	Separation},
  journal = {Journal of Fluid Mechanics},
  year = {2007},
  volume = {585},
  owner = {mbuyoupughu.1},
  timestamp = {2013.10.28}
}

@ARTICLE{gcd_2006,
  author = {Ganapathisubramani, B. and Clemens, N. T. and Dolling, D. S.},
  title = {Large-Scale Motions in a Supersonic Turbulent Boundary Layer},
  journal = {Journal of Fluid Mechanics},
  year = {2006},
  volume = {556},
  pages = {271-282},
  owner = {mbuyoupughu.1},
  timestamp = {2013.11.14}
}

@ARTICLE{gsd_2002,
  author = {Garnier, E. and Sagaut, P. and Deville, M.},
  title = {Large Eddy Simulation of Shock/Boundary-Layer Interaction},
  journal = {AIAA Journal},
  year = {2002},
  volume = {40},
  number = {10},
  owner = {mbuyoupughu.1},
  timestamp = {2014.01.22}
}

@ARTICLE{gbn_2013,
  author = {Gnoffo, P.A. and Berry, A. and Van Norman, J. W.},
  title = {Uncertainty Assessments of Hypersonic Shock Wave-Turbulent Boundary-Layer
	Interactions at Compression Corners},
  journal = {Journal of Spacecraft and Rockets},
  year = {2013},
  owner = {mbuyoupughu.1},
  timestamp = {2013.12.05}
}

@CONFERENCE{gd_1993,
  author = {Gonsalez, J. C. and Dolling, D. S.},
  title = {Correlation of interaction sweepback effects on the dynamics of shock-induced
	turbulent separation},
  booktitle = {AIAA Paper 93-0776},
  year = {1993},
  owner = {mbuyoupughu.1},
  timestamp = {2013.12.01}
}

@ARTICLE{gd_1990,
  author = {Gramann, R. A. and Dolling, D. S.},
  title = {Detection of turbulent boundary-layer separation using fluctuating
	wall pressure signals},
  journal = {AIAA},
  year = {1990},
  volume = {28},
  pages = {1052-1056},
  owner = {mbuyoupughu.1},
  timestamp = {2013.12.01}
}

@CONFERENCE{hmsm_1996,
  author = {Holden, M.S. and Moselle, J.R. and Sweet, S.J. and Martin, S.C.},
  title = {A database of aerothermal measurement in hypersonic flow for cfd
	validation},
  booktitle = {AIAA Paper 96-4597},
  year = {1996},
  owner = {mbuyoupughu.1},
  timestamp = {2013.12.05}
}

@ARTICLE{hm_1978,
  author = {Hung, C.M. and MacCormack, R. W.},
  title = {Numerical Solution of Three-Dimensional Shock Wave and Turbulent
	Boundary-Layer Interaction},
  journal = {AIAA Journal},
  year = {1978},
  volume = {16},
  number = {10},
  owner = {mbuyoupughu.1},
  timestamp = {2013.09.09}
}

@ARTICLE{ksj_2003,
  author = {Klein, M. and Sadiki, A. and Janicka, J.},
  title = {A Digital Filter Based Generation of Inflow Data for Spatially Developing
	Direct Numerical or Large Eddy Simulations},
  journal = {Journal of Computational Physics},
  year = {2003},
  volume = {186},
  pages = {652-665},
  owner = {mbuyoupughu.1},
  timestamp = {2013.05.23}
}

@ARTICLE{k_1999,
  author = {Knight, D. D.},
  title = {Simulation of Shock Wave-Turbulent Boundary Layer Interactions Using
	the Reynolds-Averaged Navier-Stokes Equations},
  journal = {Modeling Complex Turbulent Flows},
  year = {1999},
  volume = {7},
  pages = {277-296},
  owner = {mbuyoupughu.1},
  timestamp = {2013.09.09}
}

@ARTICLE{khh_1993,
  author = {Kussoy, M. I. and Horstman, K.C. and Horstman C.C.},
  title = {Hypersonic Crossing Shock-Wave/Turbulent-Boundary-Layer Interactions},
  journal = {AIAA Journal},
  year = {1993},
  volume = {31},
  pages = {2197-2203},
  number = {31},
  month = {December},
  owner = {mbuyoupughu.1},
  timestamp = {2013.09.09}
}

@ARTICLE{ll_2012,
  author = {Lee, S. and Loth, E.},
  title = {Impact of Ramped Vanes on Normal Shock Boundary Layer Interaction},
  journal = {AIAA Journal},
  year = {2012},
  volume = {50},
  pages = {2069-2079},
  owner = {mbuyoupughu.1},
  timestamp = {2013.12.05}
}

@ARTICLE{laz_2006,
  author = {Loginov, M.S. and Adams, N. A. and Zheltovodov, A. A.},
  title = {Large Eddy Simulation of Shock-Wave/Turbulent-Boundary-Layer Interaction},
  journal = {Journal of Fluid Mechanics},
  year = {2006},
  volume = {565},
  pages = {135-169},
  owner = {mbuyoupughu.1},
  timestamp = {2014.01.22}
}

@ARTICLE{lws_1998,
  author = {Lund, T. S. and Wu, X. and Squires, K. D.},
  title = {Generation of Turbulent Inflow Data for Spatially-Developing Boundary
	Layer Simulations},
  journal = {Journal of Computational Physics},
  year = {1998},
  volume = {140},
  pages = {233-258},
  number = {2},
  owner = {hfcmpl},
  timestamp = {2013.11.27}
}

@CONFERENCE{mpw_2008,
  author = {Martin, M. P. and Priebe, S., and Wu, M.},
  title = {Upstream and Downstream Influence on the Unsteadiness of STBLI using
	DNS Data in Two Configurations},
  booktitle = {46th AIAA Aerospace Sciences Meeting and Exhibit, January 7-10, 2008/Reno,
	NV},
  year = {2008},
  number = {AIAA Paper 2008-0719},
  owner = {mbuyoupughu.1},
  timestamp = {2013.05.28}
}

@ARTICLE{mlkl_2011,
  author = {Morgan, B. and Larsson, J. and Kawai, S. and Lele, S. K.},
  title = {Improving Low-Frequency Characteristics of Recycling/Rescaling Inflow
	Turbulence Generation},
  journal = {AIAA Journal},
  year = {2011},
  volume = {49},
  pages = {582-597},
  number = {3},
  owner = {mbuyoupughu.1},
  timestamp = {2013.05.23}
}

@CONFERENCE{mdb_1985,
  author = {Muck, K. C. and Dussauge, J. P. and Bogdonoff, S. M.},
  title = {Structure of the wall pressure fluctuations in a shock-induced separated
	turbulent flow},
  booktitle = {AIAA Paper 85-0179},
  year = {1985},
  owner = {mbuyoupughu.1},
  timestamp = {2013.12.01}
}

@CONFERENCE{mg_2011_1,
  author = {Mullenix, N. and Gaitonde, D.},
  title = {A Bandwidth and Order Optimized WENO Interpolation Scheme for Compressible
	Turbulent Flows},
  booktitle = {49th AIAA Aerospace Sciences Meeting including the New Horizons Forum
	and Aerospace Exposition 4-7 January 2011, Orlando, Florida},
  year = {2011},
  number = {AIAA 2011-366},
  owner = {mbuyoupughu.1},
  timestamp = {2013.05.23}
}

@ARTICLE{mgv_2013,
  author = {Mullenix, N.J. and Gaitonde, D. V., and Visbal, M. R.},
  title = {Generation of a Spatially Developing Supersonic Turbulent Boundary
	Layer With a Body Force Based Method},
  journal = {AIAA Journal},
  year = {2013},
  owner = {mbuyoupughu.1},
  timestamp = {2013.05.23}
}

@CONFERENCE{mgv_2012,
  author = {Mullenix,N.J. and Gaitonde, D. V. and Visbal, M. R.},
  title = {Generation of an Equilibrium Turbulent Boundary Layer for Upstream
	Boundary Conditon Specification},
  booktitle = {50th AIAA Aerospace Sciences Meeting including the New Horizons Forum
	and Aerospace Exposition, Nashville, TN, 2012},
  year = {2012},
  volume = {AIAA-2012-439},
  owner = {mbuyoupughu.1},
  timestamp = {2013.05.23}
}

@CONFERENCE{mgv_2011,
  author = {Mullenix,N.J. and Gaitonde, D. V. and Visbal, M. R.},
  title = {A Plasma -Actuator-Based Method to Generate a Supersonic Turbulent
	Boundary Layer Inflow Conditon for Numerical Simulations},
  booktitle = {AIAA Paper 2011-3556},
  year = {2011},
  owner = {mbuyoupughu.1},
  timestamp = {2013.05.23}
}

@ARTICLE{ntcr_1984,
  author = {Ng, T. T. and Talbot, L. and Cheng, R. K. and Robben, F.},
  title = {The Turbulent Boundary Layer Over a Flat Plate with Strong Stepwise
	Heating},
  journal = {Laser Anemometry in Fluid Dynamics},
  year = {1984},
  pages = {229},
  owner = {mbuyoupughu.1},
  timestamp = {2013.11.27}
}

@ARTICLE{ps_2002,
  author = {Pantano, C. and Sarkar, S.},
  title = {A Study of Compressibility Effects in the High-Speed Turbulent Shear
	Layer Using Direct Simulation},
  journal = {Journal of Fluid Mechanics},
  year = {2002},
  volume = {ps_2002},
  pages = {329-371},
  owner = {mbuyoupughu.1},
  timestamp = {2013.11.27}
}

@ARTICLE{pl_1990,
  author = {Perry, A. E. and Li, J. D.},
  title = {Experimental Support for the Attached-Eddy Hypothesis in Zero-Pressure-Gradient
	Turbulent Boundary Layers},
  journal = {Journal of Fluid Mechanics},
  year = {1990},
  volume = {218},
  owner = {mbuyoupughu.1},
  timestamp = {2013.05.30}
}

@ARTICLE{pddd_2009,
  author = {Piponniau, S. and Dussauge, J.-P. and Debieve, J.F. and Dupont P.},
  title = {A Simple Model for Low-Frequency Unsteadiness in Shock-Induced Separation},
  journal = {Journal of Fluid Mechanics},
  year = {2009},
  volume = {629},
  owner = {mbuyoupughu.1},
  timestamp = {2013.10.28}
}

@ARTICLE{pgg_2004,
  author = {Pirozzoli, F. and Grasso, F. and Gatski, T. B.},
  title = {Direct Numerical Simulation and Analysis of a Spatially Evolving
	Supersonic Turbulent Boundary Layer at M=2.25},
  journal = {Physics of Fluids},
  year = {2004},
  volume = {16},
  pages = {530-545},
  number = {3},
  owner = {mbuyoupughu.1},
  timestamp = {2013.05.29}
}

@CONFERENCE{pg_2006,
  author = {Pirozzoli,S. and Grasso, F.},
  title = {Direct Numerical Simulation of Impinging Shock Wave/Turbulent Boundary
	Layer Interaction at M=2.25},
  booktitle = {Physics of Fluids},
  year = {2006},
  volume = {18},
  number = {6},
  pages = {065113-1-065113-17},
  owner = {mbuyoupughu.1},
  timestamp = {2013.05.23}
}

@BOOK{p_2011_bk,
  title = {Turbulent Flows},
  year = {2011},
  author = {Pope, S. B.},
  owner = {mbuyoupughu.1},
  timestamp = {2013.05.31}
}

@ARTICLE{pwm_2009,
  author = {Priebe, S. and Wu, M. and Martin, M.},
  title = {Direct Numerical Simulation of a Reflected-Shock-Wave/Turbulent-Boundary-Layer
	Interaction},
  journal = {AIAA Journal},
  year = {2009},
  volume = {47},
  pages = {1173-1185},
  owner = {mbuyoupughu.1},
  timestamp = {2013.05.28}
}

@ARTICLE{ph_2012,
  author = {Pronk, F. T. and Hulshoff, S. J.},
  title = {A Comparison of Inflow Generation Methods for Large-Edddy Simulation},
  journal = {World Academy of Science, Engineering and Technology},
  year = {2012},
  volume = {68},
  pages = {1575-1580},
  owner = {hfcmpl},
  timestamp = {2013.11.27}
}

@CONFERENCE{rge_1995,
  author = {Rai, M. M. and Gatski, T. B. and Erlebacher, G.},
  title = {Direct Simulation of Spatially Evolving Compressible Turbulent Boundary
	Layers},
  year = {1995},
  number = {AIAA Paper 85-0583},
  owner = {hfcmpl},
  timestamp = {2013.11.27}
}

@ARTICLE{rsa_1996,
  author = {Reed, H. and Saric, W. and Arnal, D.},
  title = {Linear Stability Theory Applied to Boundary Layers},
  journal = {Annual Review of Fluid Mechanics},
  year = {1996},
  volume = {28},
  pages = {389-428},
  owner = {mbuyoupughu.1},
  timestamp = {2013.05.31}
}

@ARTICLE{sgtll_2004,
  author = {Sagaut, P. and Garnier, E. and Tromeur, E. and Larcheveque, L. and
	Labourasse, E.},
  title = {Turbulent Inflow Conditions for Large-Eddy Simulation of Compressible
	Wall-Bounded Flows},
  journal = {AIAA Journal},
  year = {2004},
  volume = {42},
  number = {3},
  owner = {mbuyoupughu.1},
  timestamp = {2014.01.22}
}

@ARTICLE{sja_2002,
  author = {Shyy, W. and Jayaraman, B. and Andersson, A.},
  title = {Modeling of Glow-Discharge Induced Fluid Dynamics},
  journal = {Journal of Applied Physics},
  year = {2002},
  volume = {92},
  pages = {6434},
  number = {11},
  owner = {mbuyoupughu.1},
  timestamp = {2013.05.23}
}

@BOOK{sd_2006_bk,
  title = {Turbulent Shear Layers in Supersonic Flow},
  publisher = {Springer Science + Business Media},
  year = {2006},
  author = {Smits, A. J. and Dussauge, J.-P.},
  address = {New York, NY},
  edition = {2nd},
  owner = {mbuyoupughu.1},
  timestamp = {2013.05.29}
}

@ARTICLE{sdddos_2010,
  author = {Souverein, L. J. and Dupont, P. and Debieve, J.-F. and Dussauge, J.-P.
	and van Oudheusden, J.-P. and Scarano, F.},
  title = {Effect of interaction strength on unsteadiness in turbulent shock-wave-induced
	separations},
  journal = {AIAA Journal},
  year = {2010},
  volume = {12},
  pages = {1480-1493},
  owner = {mbuyoupughu.1},
  timestamp = {2013.12.01}
}

@ARTICLE{t_2005,
  author = {Teramoto, S.},
  title = {Large-Eddy Simulation of Transitional Boundary Layer with Impinging
	Shock Wave},
  journal = {AIAA Journal},
  year = {2005},
  volume = {43},
  owner = {mbuyoupughu.1},
  timestamp = {2014.01.22}
}

@ARTICLE{ts_2009,
  author = {Touber, E. and Sandham, N. D.},
  title = {Comparisons of Three Large-Eddy Simulations of Shock-Induced Turbulent
	Separation Bubbles},
  journal = {Shock Waves},
  year = {2009},
  volume = {19},
  pages = {469-478},
  owner = {mbuyoupughu.1},
  timestamp = {2013.05.23}
}

@ARTICLE{ts_2009_2,
  author = {Touber, E. and Sandham, N. D.},
  title = {Large Eddy Simulation of Low-Frequency Unsteadiness in a Turbulent
	Shock-Induced Separation Bubble},
  journal = {Theoretical and Computational Fluid Dynamics},
  year = {2009},
  volume = {23},
  pages = {79-107},
  owner = {mbuyoupughu.1},
  timestamp = {2013.05.23}
}

@CONFERENCE{ts_2008,
  author = {Touber, E. and Sandham, N. D.},
  title = {Oblique Shock Impinging on a Turbulent Boundary Layer: Low-Frequency
	Mechanisms},
  booktitle = {38th Fluid Dynamics Conference and Exhibit, 23-26 June 2008, Seattle,
	Washington},
  year = {2008},
  number = {AIAA 2008-4170},
  owner = {mbuyoupughu.1},
  timestamp = {2013.05.28}
}
@ARTICLE{v_2010,
  author = {Visbal, M. R.},
  title = {Strategies for Control of Transition and Turbulent Flows Using Plasma-Based
	Actuators},
  journal = {International Journal of CFD},
  year = {2010},
  volume = {24},
  number = {7},
  owner = {hfcmpl},
  timestamp = {2013.11.27}
}

@ARTICLE{vg_2002,
  author = {Visbal, M. R. and Gaitonde, D.V.},
  title = {On the Use of High-Order Finite-Difference Schemes on Curvilinear
	and Deforming Meshes},
  journal = {Journal of Computational Physics},
  year = {2002},
  volume = {181},
  pages = {155-185},
  owner = {hfcmpl},
  timestamp = {2013.11.27}
}

@ARTICLE{vgr_2006,
  author = {Visbal, M. R. and Gaitonde, D. V. and Roy, S.},
  title = {Control of Transitional and Turbulent Flows Using Plasma-Body Actuators},
  year = {2006},
  number = {AIAA-2006-3230},
  owner = {hfcmpl},
  timestamp = {2013.11.27}
}

@CONFERENCE{vrm_2007,
  author = {Visbal, M. R. and Rizzetta, D. P. and Matthew, J.},
  title = {Large-Eddy Simulation of Flow Past a 3-D Bump},
  booktitle = {45th AIAA Aerospace Sciences Meeting and Exhibit, 8-11 January 2007,
	Reno, Nevada},
  year = {2007},
  number = {AIAA 2007-917},
  owner = {mbuyoupughu.1},
  timestamp = {2013.05.30}
}

@ARTICLE{web_1972,
  author = {Wallace, J. M. and Eckelmann, H. and Robert, S. B.},
  title = {The Wall Region in Turbulent Shear Flow},
  journal = {Journal of Fluid Mechanics},
  year = {1972},
  volume = {54},
  pages = {39-48},
  owner = {mbuyoupughu.1},
  timestamp = {2013.11.27}
}

@ARTICLE{wcs_2013,
  author = {Webb, N. and Clifford, C. and Samimy, M.},
  title = {An Investigation of the Control Mechanism of Plasma Actuators in
	a Shock Wave-Boundary Layer Interaction},
  journal = {AIAA Paper 2013-402},
  year = {2013},
  owner = {mbuyoupughu.1},
  timestamp = {2013.12.05}
}

@CONFERENCE{wcs_2011,
  author = {Webb, N. and Clifford, C. and Samimy, M.},
  title = {Preliminary Results on Shock Wave/Boundary Layer Interaction Control
	Using Localized Arc Filament Plasma Actuators},
  booktitle = {41st AIAA Fluid Dynamics Conference and Exhibit, 27-30 June 2011,
	Honolulu,Hawaii},
  year = {2011},
  number = {AIAA 2011-3426},
  owner = {mbuyoupughu.1},
  timestamp = {2013.05.27}
}

@ARTICLE{wl_1971,
  author = {Willmarth, W. W. and Lu, S. S.},
  title = {Structure of the Reynolds stress near the wall},
  journal = {Journal of Fluid Mechanics},
  year = {1971},
  owner = {mbuyoupughu.1},
  timestamp = {2013.11.27}
}

@ARTICLE{wm_2008,
  author = {Wu, M. and Martin, M. P.},
  title = {Analysis of Shock Motion in Shockwave and Turbulent Boundary Layer
	Over a Compression Ramp},
  journal = {AIAA Journal},
  year = {2008},
  volume = {45},
  number = {4},
  owner = {mbuyoupughu.1},
  timestamp = {2014.01.22}
}

@ARTICLE{xm_2004,
  author = {Xu, S. and Martin, P.},
  title = {Assessment of Inflow Boundary Conditons for Compressible Turbulent
	Boundary Layers},
  journal = {Physics of Fluids},
  year = {2004},
  volume = {16},
  pages = {2623-2639},
  number = {7},
  owner = {mbuyoupughu.1},
  timestamp = {2013.11.14}
}

@ARTICLE{ylys_1997,
  author = {Yoshizawa, A. and Liou, W. W. and Yokoi, N. and Shih, T.-H.},
  title = {Modeling of Compressible Effects on the Reynolds Stress Using a Markovianized
	two-scale Method},
  journal = {Physics of Fluids},
  year = {1997},
  volume = {9},
  owner = {mbuyoupughu.1},
  timestamp = {2013.11.27}
}

@comment{jabref-meta: selector_review:}

@comment{jabref-meta: selector_publisher:}

@comment{jabref-meta: selector_author:}

@comment{jabref-meta: selector_journal:}

@comment{jabref-meta: selector_keywords:}

